<?xml version='1.0' encoding='utf-8'?>
<record xmlns="http://www.loc.gov/MARC21/slim" xmlns:xsi="http://www.w3.org/2001/XMLSchema-instance">
  <leader>00000nim^a2200397^a^4500</leader>
  <controlfield tag="001">003591541</controlfield>
  <controlfield tag="005">20060303114853.0</controlfield>
  <controlfield tag="007">sd^fmngnn^^^ee</controlfield>
  <controlfield tag="008">020311s2000^^^^miu^^n^^^^^^^^^l^^^^eng^d</controlfield>
  <datafield tag="035" ind1=" " ind2=" ">
    <subfield code="a">(OCoLC)ocm46876336</subfield>
  </datafield>
  <datafield tag="040" ind1=" " ind2=" ">
    <subfield code="a">EYM</subfield>
    <subfield code="c">EYM</subfield>
    <subfield code="d">BEU</subfield>
  </datafield>
  <datafield tag="245" ind1="0" ind2="0">
    <subfield code="a">Music is revolution</subfield>
    <subfield code="h">[sound recording] :</subfield>
    <subfield code="b">from the John &amp; Leni Sinclair Library /</subfield>
    <subfield code="c">[produced and edited by Cary Loren].</subfield>
  </datafield>
  <datafield tag="260" ind1=" " ind2=" ">
    <subfield code="a">Oak Park, MI :</subfield>
    <subfield code="b">Book Beat Gallery,</subfield>
    <subfield code="c">[2000]</subfield>
  </datafield>
  <datafield tag="300" ind1=" " ind2=" ">
    <subfield code="a">1 sound disc (72 min.) :</subfield>
    <subfield code="b">digital, mono ;</subfield>
    <subfield code="c">4 3/4 in. + 1 booklet ([16] p. : ill. ; 12 cm.)</subfield>
  </datafield>
  <datafield tag="500" ind1=" " ind2=" ">
    <subfield code="a">"A 72 minute spoken word audio CD that tells the history of the radical politics of the late 1960s. The CD was compiled from original source material in the archives of the John and Leni Sinclair library at the Bently Historical Library in Ann Arbor Michigan ... The CD charts the turbulent mixture of culture and politics in the late 1060's in spoken history"--The Book Beat's Oneline Bookstore (http://www.thebookbeat.com)</subfield>
  </datafield>
  <datafield tag="500" ind1=" " ind2=" ">
    <subfield code="a">Title from container insert.</subfield>
  </datafield>
  <datafield tag="500" ind1=" " ind2=" ">
    <subfield code="a">Compact disc.</subfield>
  </datafield>
  <datafield tag="505" ind1="0" ind2=" ">
    <subfield code="a">1. Learning the language (WPP Central Committee meetings, c. Fall 1968, but probably later) / voices: Pun Plamondon, Gary Grimshaw (0:25) -- 2. How to set up a chapter / voices: Skip Taube, John Sinclair (1:31) -- 3. Music is a revolutionary force / voices: Jesse Crawford, Pun Plamondon, Bob Rudnick, John Sinclair, David Sinclair, Gary Grimshaw, Genie Plamondon (3:36) -- 4. Culture &amp; politics / same voices (7:36) -- 5. The connecting link / same voices (1:28) -- 6. Black Panthers &amp; White Panthers / same voices (2:55) -- 7. Tit for tat / same voices (0:30) -- 8. The poem for Warner Stringfellow / John Sinclair, UM-Dearborn, 1967? (6:24) -- 9. Living in the woods / Pun Plamondon, c. 1970 (3:34) -- 10. Youth International Party / Genie Plamondon in Stockholm, c. 1970 (0:42) -- 11. The Sun - alternative newspaper / WXYZ-TV news report, c. 1969 (1:44) -- 12. A lot of shit is going down / John &amp; Leni Sinclair, in automobile, c. 1968 (1:23) -- 13. The music scene is happening / John Sinclair, telephone</subfield>
  </datafield>
  <datafield tag="505" ind1="0" ind2=" ">
    <subfield code="a">interview with Russ Gibb on WKNR-FM, c. 1968 (1:51) -- 14. Report from the road / John Sinclair WABX c.1968 (0:33) --15. SRC at Silverbell Hideout Radio Spot, c. 1968 (0:39) -- 16. Grand funk / Dan Carlyle and Frank Bach on WABX, c. 1970 (2:06) -- 17. Yin &amp; Yang / same as above WABX c.1970 (1:02) -- 18. Great Black music / Joseph Jarman and David Fenton, c. 1970 (5:04) -- 19. Bad vibrations / Youth &amp; Drugs Seminar, Hill Auditorium / voice: unidentified (0:50) -- 20. Plans for the summer / Gary Grimshaw, David &amp; Leni Sinclair, interview with Jesse Crawford on WKNR-FM, c. 1970 (5:37) -- 21. Weather report / Bernadine Dohrn, c. 1970 (4:10) -- 22. Letter in exile / Pun Plamondon &amp; David Sinclair, c. 1970 (2:05) -- 23. Media phenomenon in Michigan / Rainbow People's Party Central Committee meeting, December 1971 / voices: John Sinclair, David Sinclair (1:23) -- 24. This just clears your head up (RPP Central Committee Meeting, December 7, 1971) / voices: Leni Sinclair, David Sinclair, Pun Plamondon, John</subfield>
  </datafield>
  <datafield tag="505" ind1="0" ind2=" ">
    <subfield code="a">Sinclair, Genie Plamondon (1:26) -- 25. On the women's movement (RPP) / voices: David Sinclair, Anne Lavasseur, Genie Plamondon (1:21) -- 26. I wanna freakize 'em (RPP, Winter 1971) / voices: John Sinclair, Leni Sinclair (1:01) -- 27. Prison interview / Bobby Seale, c. 1970 (5:47) -- 28. Interview with The Up / voices: Frank Bach, Bob Rasmussen, Gary Rasmussen, interviewed by Anne Lavasseur for People's Communications Committee, Ann Arbor, c. 1970 (0:44) -- 29. Observing John / Peter Werbe on John Sinclair, c. 1969=70 (1:33) -- 30. Zenta philosophy / Jesse Crawford c.1969? (1:49)</subfield>
  </datafield>
  <datafield tag="600" ind1="1" ind2="0">
    <subfield code="a">Sinclair, John,</subfield>
    <subfield code="d">1941-</subfield>
  </datafield>
  <datafield tag="650" ind1=" " ind2="0">
    <subfield code="a">Rock musicians</subfield>
    <subfield code="z">United States.</subfield>
  </datafield>
  <datafield tag="650" ind1=" " ind2="0">
    <subfield code="a">Rock music</subfield>
    <subfield code="z">United States.</subfield>
  </datafield>
  <datafield tag="650" ind1=" " ind2="0">
    <subfield code="a">Radicalism</subfield>
    <subfield code="z">United States.</subfield>
  </datafield>
  <datafield tag="650" ind1=" " ind2="0">
    <subfield code="a">Politics and culture</subfield>
    <subfield code="z">United States.</subfield>
  </datafield>
  <datafield tag="651" ind1=" " ind2="0">
    <subfield code="a">United States</subfield>
    <subfield code="x">Social conditions</subfield>
    <subfield code="y">1960-1980.</subfield>
  </datafield>
  <datafield tag="651" ind1=" " ind2="0">
    <subfield code="a">United States</subfield>
    <subfield code="x">Politics and government</subfield>
    <subfield code="y">1963-1969.</subfield>
  </datafield>
  <datafield tag="651" ind1=" " ind2="0">
    <subfield code="a">United States</subfield>
    <subfield code="x">Politics and government</subfield>
    <subfield code="y">1969-1974.</subfield>
  </datafield>
  <datafield tag="700" ind1="1" ind2=" ">
    <subfield code="a">Sinclair, John,</subfield>
    <subfield code="d">1941-</subfield>
  </datafield>
  <datafield tag="700" ind1="1" ind2=" ">
    <subfield code="a">Sinclair, Leni.</subfield>
  </datafield>
  <datafield tag="700" ind1="1" ind2=" ">
    <subfield code="a">Loren, Cary.</subfield>
  </datafield>
  <datafield tag="710" ind1="2" ind2=" ">
    <subfield code="a">Bentley Historical Library.</subfield>
  </datafield>
  <datafield tag="852" ind1="8" ind2=" ">
    <subfield code="a">MiU-H</subfield>
    <subfield code="b">BENT</subfield>
    <subfield code="h">0229 Aa 2</subfield>
  </datafield>
  <datafield tag="998" ind1=" " ind2=" ">
    <subfield code="c">LAC</subfield>
  </datafield>
  <datafield tag="955" ind1=" " ind2=" ">
    <subfield code="b">BENT</subfield>
    <subfield code="p">B1446240</subfield>
  </datafield>
</record>
